@article{albanese2021automated,
  author={Albanese, A. and Nardello, M. and Brunelli, D.},
  title={Automated pest detection with DNN on the edge for precision agriculture},
  journal={IEEE Journal on Emerging and Selected Topics in Circuits and Systems},
  volume={11},
  number={3},
  pages={458--467},
  year={2021},
  publisher={IEEE}
}

@article{godwin2025smart,
  title={A Smart IoT Framework for Climate-Resilient and Sustainable Maize Farming in Uganda},
  author={Godwin, Nomugisha and Johnson, Dr Mwebaze},
  journal={arXiv preprint arXiv:2501.12483},
  year={2025}
}

@article{wanyama2024systematic,
  title={A systematic review of fourth industrial revolution technologies in smart irrigation: constraints, opportunities, and future prospects for sub-Saharan Africa},
  author={Wanyama, Joshua and Bwambale, Erion and Kiraga, Shafik and Katimbo, Abia and Nakawuka, Prossie and Kabenge, Isa and Oluk, Isaac},
  journal={Smart Agricultural Technology},
  volume={7},
  pages={100412},
  year={2024},
  publisher={Elsevier}
}

@incollection{geetha2022adaptive,
  title={Adaptive IoT system for precision agriculture},
  author={Geetha Lekshmy, V and Vishnu, PA and Harikrishnan, PS},
  booktitle={Inventive Computation and Information Technologies: Proceedings of ICICIT 2021},
  pages={39--49},
  year={2022},
  publisher={Springer}
}

@techreport{uganda2024ndpiv,
  author={Uganda National Planning Authority},
  title={Fourth National Development Plan (NDPIV) 2025/26--2029/30},
  year={2024}
}

@article{colglazier2015sustainable,
  title={Sustainable development agenda: 2030},
  author={Colglazier, William},
  journal={Science},
  volume={349},
  number={6252},
  pages={1048--1050},
  year={2015},
  publisher={American Association for the Advancement of Science}
}
