@article{tumwesigye2022effect,
  title={The effect of water quality on aquaculture productivity in Ibanda District, Uganda},
  author={Tumwesigye, Zephline and Tumwesigye, Wycliffe and Opio, Fina and Kemigabo, Chloe and Mujuni, Boaz},
  journal={Aquaculture Journal},
  volume={2},
  number={1},
  pages={23--36},
  year={2022},
  publisher={MDPI}
}
@article{byabasaija2025unlocking,
  title={Unlocking potential: an assessment of small-scale aquaculture viability in the Lake Victoria Basin, Uganda},
  author={Byabasaija, Syliver and Limuwa, Moses and Semyalo, Ronald},
  journal={Discover Agriculture},
  volume={3},
  number={1},
  pages={1--15},
  year={2025},
  publisher={Springer}
}
@article{aanyu2020potential,
  title={Potential for enhancing and sustaining commercial aquaculture in Uganda: Producer organizations, contract farming schemes and public-private partnerships},
  author={Aanyu, Margaret and Denis, Opio and Cassius, Aruho and Gertrude, Atukunda},
  journal={Int. J. Fish. Aquat. Stud},
  volume={8},
  pages={258--264},
  year={2020}
}
@inproceedings{jomsri2024prototype,
  title={Prototype of a Water Quality Management System for Smart Aquaculture Using Solar System to Support Fish Farmer, Phragnamdang, Amphawa, Samut Songkhram Province},
  author={Jomsri, Pijitra and Prangchumpol, Dulyawit},
  booktitle={2024 IEEE International Workshop on Metrology for Industry 4.0 \& IoT (MetroInd4. 0 \& IoT)},
  pages={54--58},
  year={2024},
  organization={IEEE}
}
@article{wang2021intelligent,
  title={Intelligent fish farm—the future of aquaculture},
  author={Wang, Cong and Li, Zhen and Wang, Tan and Xu, Xianbao and Zhang, Xiaoshuan and Li, Daoliang},
  journal={Aquaculture International},
  volume={29},
  number={6},
  pages={2681--2711},
  year={2021},
  publisher={Springer}
}
@article{prapti2022internet,
  title={Internet of Things (IoT)-based aquaculture: An overview of IoT application on water quality monitoring},
  author={Prapti, Dipika Roy and Mohamed Shariff, Abdul Rashid and Che Man, Hasfalina and Ramli, Norulhuda Mohamed and Perumal, Thinagaran and Shariff, Mohamed},
  journal={Reviews in Aquaculture},
  volume={14},
  number={2},
  pages={979--992},
  year={2022},
  publisher={Wiley Online Library}
}
@article{clough2020innovative,
  title={Innovative technologies to promote sustainable recirculating aquaculture in Eastern Africa—A case study of a Nile tilapia (Oreochromis niloticus) hatchery in Kisumu, Kenya},
  author={Clough, Samuel and Mamo, Julian and Hoevenaars, Kyra and Bardocz, Tamas and Petersen, Paw and Rosendorf, Poul and Atiye, Tahla and Gukelberger, Ephraim and Guya, Edwin and Hoinkis, Jan},
  journal={Integrated Environmental Assessment and Management},
  volume={16},
  number={6},
  pages={934--941},
  year={2020},
  publisher={Wiley Periodicals, Inc. Hoboken}
}
@article{mramba2023pond,
  title={Pond water quality and its relation to fish yield and disease occurrence in small-scale aquaculture in arid areas},
  author={Mramba, Rosemary Peter and Kahindi, Emmanuel Jacob},
  journal={Heliyon},
  volume={9},
  number={6},
  pages={e16753},
  year={2023},
  publisher={Elsevier},
  doi={10.1016/j.heliyon.2023.e16753}
}