@article{matenga2022assessment,
  title={Assessment of energy marketâ€™s progress towards achieving Sustainable Development Goal 7: A clustering approach},
  author={Matenga, Zvikomborero},
  journal={Sustainable Energy Technologies and Assessments},
  volume={52},
  pages={102224},
  year={2022},
  publisher={Elsevier}
}

@misc{gustavsson2015energy,
  title={The energy report for Uganda-A 100\% renewable energy future by 2050},
  author={Gustavsson, Mathias},
  year={2015},
  publisher={IVL Svenska Milj{\"o}institutet}
}